@book{hal11,
       author = {Resnick Halliday and Walker},
       year = {2008},
       title = {Fundamentals of Physics, 8th Edition},
       publisher = {John Wiley Sons},
       number  = "1",
     }

@book{hc11,
author = {H.C.Verma},
year ={2006},
title= {Concepts of Physics Part1},
publisher= {Bharati Bhawan},
number  = "2",
}

@misc{b2dm,
title = {Box2D Manual},
howpublished = {\url// http://www.box2d.org/manual.html}},
number  = "3",
}
@misc{b2dtut,
title = {Box2D Manual},
howpublished = {\url// https://www.iforce2d.net/b2dtut/}},
number  = "4",
}
@misc{utubeanim,
title = {Animation of working of handgun},
howpublished = {\url// https://www.youtube.com/watch?v=rJMXXuGhINE}},
number  = "5",
}
@misc{utubesource,
title = {The original picture source video},
howpublished = {\url// https://www.youtube.com/watch?v=E6SmlOEzNBs}},
number  = "6",
}
@misc{gp2dot,
title = {Gprof2Dot},
howpublished = {\url// https://code.google.com/p/jrfonseca/wiki/Gprof2Dot}},
number  = "7",
}
@misc{perftut,
title = {A Short Perf Tutorial},
howpublished = {\url// http://baptiste-wicht.com/posts/2011/07/profile-applications-linux-perf-tools.html}},
number  = "8",
}
@misc{desjoint,
title = {Destoying a joint in box2d},
howpublished = {\url// http://stackoverflow.com/questions/18118827/error-when-destroying-a-joint}},
number  = "9",
}
@misc{force2d,
title = {Forces and Impulses in Box2D},
howpublished = {\url// http://www.iforce2d.net/b2dtut/forces}},
number  = "10",
}
@misc{mplib,
title = {Matplotlib documentation},
howpublished = {\url// http://matplotlib.org/}},
number  = "11",
}
@misc{sahg,
title = {Semi-automatic handgun},
howpublished = {\url// http://en.wikipedia.org/wiki/Semi-automatic\_pistol}},
number  = "12",
}
@misc{ink,
title = {Inkscape Tutorial},
howpublished = {\url// http://inkscape.org/doc/basic/tutorial-basic.html}},
number  = "13",
}


